@article{pi2013raspberry,
  title={Raspberry pi},
  author={Pi, Raspberry},
  journal={Raspberry Pi},
  volume={1},
  pages={1},
  year={2013}
}
@book{oliphant2006guide,
  title={A guide to NumPy},
  author={Oliphant, Travis E},
  volume={1},
  year={2006},
  publisher={Trelgol Publishing USA}
}
@article{jones2014scipy,
  title={$\{$SciPy$\}$: open source scientific tools for $\{$Python$\}$},
  author={Jones, Eric and Oliphant, Travis and Peterson, Pearu},
  year={2014}
}
@article{hunter2007matplotlib,
  title={Matplotlib: A 2D graphics environment},
  author={Hunter, John D},
  journal={Computing In Science \& Engineering},
  volume={9},
  number={3},
  pages={90--95},
  year={2007},
  publisher={IEEE}
}
@misc{python-sounddevice, 
	title={Play and Record Sound with Python}, 
  author={Geier, Matthias},
	booktitle={https://python-sounddevice.readthedocs.io/en/0.3.8/index.html}, 
	journal={Play and Record Sound with Python — python-sounddevice, version 0.3.8}
}
@misc{pysoundfile, 
	title={PySoundFile}, 
  author={Bechtold, Bastian},
	booktitle={http://pysoundfile.readthedocs.io/en/0.9.0/}, 
	journal={PySoundFile — PySoundFile 0.9.0 documentation}
}
@misc{f5oeo_2017, 
	title={RPiTx}, 
  author={Courjaud, Evariste},
	publisher={$\{$https://github.com/F5OEO/rpitx$\}$}, 
	journal={GitHub}
}
@inproceedings{bencina2001portaudio,
  title={PortAudio - an Open Source Cross Platform Audio API.},
  author={Bencina, Ross and Burk, Phil},
  booktitle={ICMC},
  year={2001}
}