@article{bezemer2014performance,
  title={Performance optimization of deployed software-as-a-service applications},
  author={Bezemer, Cor-Paul and Zaidman, Andy},
  journal={Journal of Systems and Software},
  volume={87},
  pages={87--103},
  year={2014},
  publisher={Elsevier}
 }
@inproceedings{woodside2007future,
  title={The future of software performance engineering},
  author={Woodside, Murray and Franks, Greg and Petriu, Dorina C},
  booktitle={Future of Software Engineering, 2007. FOSE'07},
  pages={171--187},
  year={2007},
  organization={IEEE}
 }
@article{1278475919910901,
 Abstract = {Reviews the book The Art of Computer Systems Performance Analysis, by R. Jain.},
 Author = {O'Connor, P. D. T.},
 ISSN = {07488017},
 Journal = {Quality & Reliability Engineering International},
 Keywords = {COMPUTER systems, NONFICTION, JAIN, R., ART of Computer Systems Performance Analysis, Techniques for Experimental Design, Measurement, Simulation & Modeling, The (Book)},
 Number = {5},
 Pages = {432},
 Title = {The Art of Computer Systems Performance Analysis (Book).},
 Volume = {7},
 URL = {http://search.ebscohost.com.ucd.idm.oclc.org/login.aspx?direct=true&db=a9h&AN=12784759&site=ehost-live},
 Year = {1991},
 }
@inproceedings{smith2003best,
  title={Best practices for software performance engineering},
  author={Smith, Connie U and Williams, Lloyd G},
  booktitle={Int. CMG Conference},
  pages={83--92},
  year={2003}
 }
@inproceedings{chauhan2014atlas,
  title={ATLAS offline software performance monitoring and optimization},
  author={Chauhan, Neelima and Kabra, Gunjan and Kittelmann, Thomas and Langenberg, Robert and Mandrysch, Rocco and Salzburger, Andreas and Seuster, Rolf and Ritsch, Elmar and Stewart, Graeme and van Eldik, Niels and others},
  booktitle={Journal of Physics: Conference Series},
  volume={513},
  number={5},
  pages={052022},
  year={2014},
  organization={IOP Publishing}
 }
@inproceedings{smith2002performance,
  title={Performance models for computer and telecommunications systems: maximizing the benefits},
  author={Smith, Connie U},
  booktitle={Modeling, Analysis and Simulation of Computer and Telecommunications Systems, 2002. MASCOTS 2002. Proceedings. 10th IEEE International Symposium on},
  pages={225},
  year={2002},
  organization={IEEE}
 }
@inproceedings{smith1997performance,
  title={Performance engineering for software architectures},
  author={Smith, Connie U},
  booktitle={Computer Software and Applications Conference, 1997. COMPSAC'97. Proceedings., The Twenty-First Annual International},
  pages={166--167},
  year={1997},
  organization={IEEE}
 }
@article{smith1999performance,
  title={A performance model interchange format},
  author={Smith, Connie U and Williams, Lloyd G},
  journal={Journal of Systems and Software},
  volume={49},
  number={1},
  pages={63--80},
  year={1999},
  publisher={Elsevier}
 }
@article{smith1993software,
  title={Software performance engineering: A case study including performance comparison with design alternatives},
  author={Smith, Connie U. and Williams, Lloyd G.},
  journal={IEEE Transactions on software engineering},
  volume={19},
  number={7},
  pages={720--741},
  year={1993},
  publisher={IEEE}
 }
@inproceedings{williams1995information,
  title={Information requirements for software performance engineering},
  author={Williams, Lloyd G and Smith, Connie U},
  booktitle={International Conference on Modelling Techniques and Tools for Computer Performance Evaluation},
  pages={86--101},
  year={1995},
  organization={Springer}
 }
@book{smith1990performance,
  title={Performance engineering of software systems},
  author={Smith, Connie U},
  year={1990},
  publisher={Addison-Wesley Longman Publishing Co., Inc.}
 }
@book{brown1998antipatterns,
  title={AntiPatterns: refactoring software, architectures, and projects in crisis},
  author={Brown, William H and Malveau, Raphael C and McCormick, Hays W and Mowbray, Thomas J},
  year={1998},
  publisher={John Wiley \& Sons, Inc.}
 }
@article{smith2001performance,
  title={Performance solutions: a practical guide to creating responsive, scalable software},
  author={Smith, Connie U and Williams, Lloyd G},
  year={2001},
  publisher={Addison-Wesley Professional}
 }
@article{smith1988applying,
  title={Applying synthesis principles to create responsive software systems},
  author={Smith, Connie U.},
  journal={IEEE Transactions on Software Engineering},
  volume={14},
  number={10},
  pages={1394--1408},
  year={1988},
  publisher={IEEE}
 }
@book{beck1999kent,
  title={Kent Beck's guide to better Smalltalk: a sorted collection},
  author={Beck, Kent},
  volume={14},
  year={1999},
  publisher={Cambridge University Press}
}

@book{alexander1977pattern,
  title={A pattern language},
  author={Alexander, Christopher and Ishikawa, Sara and Silverstein, Murray and i Rami{\'o}, Joaquim Romaguera and Jacobson, Max and Fiksdahl-King, Ingrid},
  year={1977},
  publisher={Gustavo Gili}
}
@inproceedings{gamma1993design,
  title={Design patterns: Abstraction and reuse of object-oriented design},
  author={Gamma, Erich and Helm, Richard and Johnson, Ralph and Vlissides, John},
  booktitle={European Conference on Object-Oriented Programming},
  pages={406--431},
  year={1993},
  organization={Springer}
}

@article{koenig1998patterns,
  title={Patterns and antipatterns},
  author={Koenig, Andrew},
  journal={The patterns handbook: techniques, strategies, and applications},
  volume={13},
  pages={383},
  year={1998}
}
@article{koenig1998patterns,
  title={Patterns and antipatterns},
  author={Koenig, Andrew},
  journal={The patterns handbook: techniques, strategies, and applications},
  volume={13},
  pages={383},
  year={1998}
}
