@article{smith1990performance,
	author = {lads},
	title = {lads},
	journaltitle = {lass},
	date = {lads},
}
